 

@inproceedings{bello2024lidtp,
  author    = {Federico Bello and {\'A}lvaro Mart{\'\i}n and Tatiana Rischewski and Gadiel Seroussi},
  title     = {The Lattice-Input Discrete-Time Poisson Channel},
  booktitle = {2024 IEEE International Symposium on Information Theory (ISIT)},
  year      = {2024},
  month     = aug,
  address   = {Athens, Greece}
}